@book{dorst2009gacs,
  title={Geometric Algebra for Computer Science: An Object-Oriented Approach to Geometry},
  author={Dorst, Leo and Fontijne, Daniel and Mann, Stephen},
  year={2009},
  publisher={Morgan Kaufmann},
  note={Available on Amazon: \url{https://www.amazon.com/Geometric-Algebra-Computer-Science-Object-Oriented/dp/0123749425}}
}

@misc{gunn2011pga,
  title={On the Homogeneous Model of Euclidean Geometry},
  author={Gunn, Charles},
  year={2011},
  howpublished={arXiv preprint arXiv:1101.4542},
  note={PGA overview and applications. Available at: \url{https://arxiv.org/abs/1101.4542}}
}

@inproceedings{kavan2008dq,
  title={Skinning with Dual Quaternions},
  author={Kavan, Ladislav and Collins, Steven and Zara, Jir{\'\i} and O'Sullivan, Carol},
  booktitle={Proceedings of the 2008 ACM Symposium on Interactive 3D Graphics and Games},
  year={2008},
  note={DOI: 10.1145/1342250.1342251. Available at: \url{https://dl.acm.org/doi/10.1145/1342250.1342251}}
}

@book{lasenby2024ga,
  title={Geometric Algebra and its Application to Computer Graphics and Robotics},
  author={Lasenby, Joan and Dorst, Leo},
  year={2024},
  publisher={Cambridge University Press},
  note={Available on Amazon: \url{https://www.amazon.com/Geometric-Algebra-Application-Computer-Graphics/dp/1009165593}}
}
